@misc{platforms_state_nodate,
	title = {State und {Lifecycle} – {React}},
	url = {https://de.legacy.reactjs.org/docs/state-and-lifecycle.html},
	abstract = {Eine JavaScript Bibliothek zum Erstellen von Benutzeroberflächen},
	language = {en},
	urldate = {2024-12-26},
	author = {Platforms, Meta},
}

@misc{nestorowicz_state_2021,
	title = {State {Management} in {React}},
	url = {https://www.codecentric.de/wissens-hub/blog/state-management-in-react},
	abstract = {Dieser Artikel gibt einen Überblick über das State Management in React und bietet Entscheidungsgrundlagen, ob man es überhaupt benötigt.},
	urldate = {2024-12-26},
	journal = {codecentric AG},
	author = {Nestorowicz, Ewa},
	month = dec,
	year = {2021},
	file = {Snapshot:files/281/state-management-in-react.html:text/html},
}

@misc{bhimani_react_2024,
	title = {React {State} and {Props}: {The} {Two} {Pillars} of {React}},
	shorttitle = {React {State} and {Props}},
	url = {https://www.dhiwise.com/post/state-and-props-the-pillars-of-react-explained},
	abstract = {Learn more about React state and props in React app development.},
	language = {en-us},
	urldate = {2024-12-26},
	author = {Bhimani, Kesar},
	month = aug,
	year = {2024},
}

@misc{chauhan_mastering_2023,
	title = {Mastering {React}.js {Virtual} {DOM} with {Practical} {Examples}},
	url = {https://dev.to/anii1429/mastering-reactjs-virtual-dom-with-practical-examples-4mhf},
	abstract = {Understanding the Virtual DOM   The Virtual DOM is a lightweight copy of the actual DOM,...},
	language = {en},
	urldate = {2024-12-26},
	journal = {DEV Community},
	author = {Chauhan, Anil},
	month = sep,
	year = {2023},
	file = {Snapshot:files/283/mastering-reactjs-virtual-dom-with-practical-examples-4mhf.html:text/html},
}

@misc{laurent_komponentenbasierte_2023,
	title = {Die komponentenbasierte {Architektur} von {React}: {Eine} {Fallstudie} {\textbar} {AppMaster}},
	shorttitle = {Die komponentenbasierte {Architektur} von {React}},
	url = {https://appmaster.io/de/blog/reaktive-komponentenbasierte-architektur},
	abstract = {Erforschen Sie die komponentenbasierte Architektur von React, während wir tief in ihr Innenleben eintauchen, ihre Vorzüge und Effizienz analysieren und einen umfassenden Leitfaden für die Umsetzung in die Praxis liefern.},
	language = {de},
	urldate = {2024-12-26},
	author = {Laurent, Lya},
	month = jul,
	year = {2023},
}

@misc{p_was_2024,
	title = {Was ist {React}: {Funktionen} verstehen und wie man es für die moderne {Webentwicklung} einsetzt},
	shorttitle = {Was ist {React}},
	url = {https://www.hostinger.de/tutorials/was-ist-react},
	abstract = {Dieser Artikel erklärt, wie React funktioniert, untersucht seine Funktionen und diskutiert die Vorteile der Verwendung von React.js für Front-End-Entwickler.},
	language = {en-US},
	urldate = {2024-12-26},
	journal = {Hostinger Tutorials},
	author = {P, Vera},
	month = mar,
	year = {2024},
}

@misc{acharya_15_2023,
	title = {15+ {Beste} {React}-{Tutorials} und {Ressourcen} für {Entwickler}},
	url = {https://kinsta.com/de/blog/besten-react-tutorials/},
	abstract = {React ist heute eine der beliebtesten JavaScript-Bibliotheken. Du hast es noch nicht entdeckt? Dieser Artikel zeigt dir genau, wie du loslegen kannst.},
	language = {de},
	urldate = {2024-12-26},
	journal = {Kinsta®},
	author = {Acharya, Durga Prasad},
	month = jan,
	year = {2023},
	file = {Snapshot:files/284/besten-react-tutorials.html:text/html},
}

@misc{hort_warum_2018,
	title = {Warum wir bei der {Web}-{Entwicklung} eine {Trennung} zwischen {Frontend} und {Backend} favorisieren? – assonos {Blog}},
	url = {https://www.assono.de/blog/warum-wir-bei-der-web-entwicklung-eine-trennung-zwischen-frontend-und-backend-favorisieren},
	urldate = {2024-12-26},
	author = {Hort, Bernd},
	month = apr,
	year = {2018},
	file = {Warum wir bei der Web-Entwicklung eine Trennung zwischen Frontend und Backend favorisieren? – assonos Blog:files/285/warum-wir-bei-der-web-entwicklung-eine-trennung-zwischen-frontend-und-backend-favorisieren.html:text/html},
}

@misc{annacherniavska_erstellung_2023,
	title = {Erstellung hochleistungsfähiger {Webanwendungen}: {Die} {Rolle} von .{NET} in der modernen {Webentwicklung}},
	shorttitle = {Erstellung hochleistungsfähiger {Webanwendungen}},
	url = {https://chudovo.de/die-rolle-von-net-in-der-modernen-webentwicklung/},
	abstract = {Entdecken Sie, wie .NET in der modernen Webentwicklung High-Performance-Anwendungen ermöglicht. Von Skalierbarkeit bis Sicherheit - .NET hat es im Griff.},
	language = {de},
	urldate = {2024-12-26},
	journal = {Chudovo},
	author = {anna.cherniavska},
	month = sep,
	year = {2023},
	file = {Snapshot:files/286/die-rolle-von-net-in-der-modernen-webentwicklung.html:text/html},
}

@misc{wiedermayer_webentwicklung_2024,
	title = {Webentwicklung: {Die} besten {Technologien} für 2024},
	shorttitle = {Webentwicklung},
	url = {https://wf-creative.com/blog/webentwicklung-die-besten-technologien-fuer-2024/},
	abstract = {In der Webentwicklung ist der Wandel allgegenwärtig, getrieben von innovativen Technologien wie Ajax, JavaScript, HTML, CSS, MySQL und PHP.},
	language = {de-DE},
	urldate = {2024-12-26},
	journal = {Wiedermayer \& Friends},
	author = {Wiedermayer},
	month = sep,
	year = {2024},
	file = {Snapshot:files/287/webentwicklung-die-besten-technologien-fuer-2024.html:text/html},
}

@misc{siever_responsive_2024,
	title = {Responsive {Design}: {Der} ultimative {Leitfaden} zur {Erstellung} einer flexiblen {Website}},
	shorttitle = {Responsive {Design}},
	url = {https://www.exovia.de/wissen/website-erstellen/responsive-design/},
	abstract = {Alles über responsives Design: Optimiere deine Website für verschiedene Geräte und reagiere auf das Nutzerverhalten.Erfahren Sie alles über Responsive Design in unserem umfassenden Leitfaden. Entdecken Sie, wie Sie flexible und benutzerfreundliche Websites erstellen, die auf allen Geräten optimal funktionieren.},
	language = {de},
	urldate = {2024-12-26},
	journal = {exovia},
	author = {Siever, Friedrich},
	month = aug,
	year = {2024},
	file = {Snapshot:files/288/responsive-design.html:text/html},
}

@misc{deinhard_uberblick_2024,
	title = {Überblick über moderne {Entwicklungs}-{Prinzipien} und {Lösungen} für {Webanwendungen}},
	url = {https://www.it-schulungen.com/wir-ueber-uns/wissensblog/ueberblick-ueber-moderne-entwicklungs-prinzipien-und-loesungen-fuer-webanwendungen.html},
	abstract = {Webanwendungen sind softwarebasierte Anwendungen, die über einen Webbrowser aufgerufen werden und serverseitige sowie clientseitige Technologien kombinieren. Sie basieren auf einer Architektur, die aus Frontend, Backend und oft einer Datenbank},
	language = {de-de},
	urldate = {2024-12-26},
	journal = {IT-Schulungen.com},
	author = {Deinhard, Florian},
	month = jan,
	year = {2024},
	file = {Snapshot:files/289/ueberblick-ueber-moderne-entwicklungs-prinzipien-und-loesungen-fuer-webanwendungen.html:text/html},
}

@misc{netz_technische_2021,
	type = {Blog},
	title = {Technische {Aspekte} einer {Homepage}},
	url = {https://www.christian-netz.de/webdesign-und-homepage/technik.html},
	language = {deutsch},
	urldate = {2024-12-26},
	journal = {Christian-Netz.de},
	author = {Netz, Christian},
	month = apr,
	year = {2021},
	file = {Technische Aspekte einer Homepage:files/290/technik.html:text/html},
}

@phdthesis{khang_studying_2024,
	type = {Thesis},
	title = {Studying strapi {CMS} framework and its practicalities in the future of application development},
	copyright = {Attribution-NonCommercial 4.0 International},
	url = {https://epub.vgu.edu.vn/handle/dlibvgu/1854},
	abstract = {It is important for organizations to have content management systems (CMS) that are strong, flexible, and scalable so they can grow as the business does. Because web creation is always changing, this is the case. Strapi is well-known in this field, it is an open-source content management system (CMS) that have an excellent user interface. With any front-end framework, they can still use a useful tool to keep track of information. This essay talks about Strapi’s structure and features, as well as how it can be used to make app creation better right now. We look at Strapi’s headless method, which keeps the frontend and the backend for managing material separate. These tools, like as React, Vue.js, and Angular, facilitate the process of joining. The paper discusses Strapi’s API-first design. Developers may create dynamic and captivating user experiences using RESTful. In addition, we assess the efficacy of Strapi’s tools in facilitating modifications. Because it comes with so many plug-ins and content types thatcan be changed, the CMS can be tailored to each project’s needs.},
	language = {en},
	urldate = {2025-01-06},
	author = {Khang, Nguyen Phu},
	year = {2024},
	note = {Accepted: 2024-11-15T04:20:47Z},
	file = {Snapshot:C\:\\Users\\Janis\\Zotero\\storage\\5TFTL3IF\\1854.html:text/html},
}

@misc{viehmann_headless_2024,
	title = {Headless und {Open} {Source} – {Strapi}.io – {Features} und {Vorteile} unseres aktuell favorisierten {CMS}! – {HENKELHIEDL}},
	url = {https://www.henkelhiedl.com/themen/strapi-io-features-und-vorteile-des-headless-und-open-source-cms},
	abstract = {(Wissenswertes) Strapi.io ist ein Open-Source-Content-Management-System (CMS), das es ermöglicht, Inhalte effizient zu erstellen, zu verwalten und zu veröffentlichen. Es folgt dem Headless-CMS-Ansatz, was bedeutet, dass Inhalte von verschiedenen Frontend-Anwendungen über APIs abgerufen werden können. Und hat auch sonst viele Vorteile.},
	language = {de},
	urldate = {2024-12-29},
	author = {Viehmann, Uwe},
	month = feb,
	year = {2024},
	file = {Snapshot:files/294/strapi-io-features-und-vorteile-des-headless-und-open-source-cms.html:text/html},
}

@misc{behrens_headless-cms_nodate,
	title = {Headless-{CMS} {Strapi}: höchste {Flexibilität} und {Benutzbarkeit}},
	shorttitle = {Headless-{CMS} {Strapi}},
	url = {https://aw-studio.de/blog/hochste-flexibilitat-und-benutzbarkeit-mit-dem-headless-cms-strapi},
	abstract = {Strapi hat sich als führende Plattform etabliert, die Entwickler:innen und Content-Ersteller:innen ein beeindruckendes Maß an Flexibilität und Benutzbarkeit bietet. Wir setzen bei vielen unserer Websites auf Strapi als Headless-CMS.},
	language = {de},
	urldate = {2024-12-29},
	author = {Behrens, Jannes},
	file = {Snapshot:files/296/hochste-flexibilitat-und-benutzbarkeit-mit-dem-headless-cms-strapi.html:text/html},
}

@misc{siever_basics_2024,
	title = {Basics {Strapi}: {Plattform} für flexible {Contentverwaltung}},
	shorttitle = {Basics {Strapi}},
	url = {https://friedrich-siever.de/blog/was-ist-strapi/},
	abstract = {Entdecke die Basics von Strapi: Deine Plattform für flexible Contentverwaltung!},
	language = {de},
	urldate = {2024-12-30},
	author = {Siever, Friedrich},
	month = jan,
	year = {2024},
	file = {Snapshot:files/300/was-ist-strapi.html:text/html},
}

@misc{autor_cross-origin_nodate,
	title = {Cross-{Origin} {Resource} {Sharing} – {Wikipedia}},
	url = {https://de.wikipedia.org/wiki/Cross-Origin_Resource_Sharing},
	urldate = {2025-01-03},
	author = {Autor, Kein},
	file = {Cross-Origin Resource Sharing – Wikipedia:files/308/Cross-Origin_Resource_Sharing.html:text/html},
}

@book{henick_beste_2010,
	title = {Das {Beste} an {HTML} \& {CSS}},
	isbn = {978-3-89721-618-1},
	abstract = {HTML und CSS bilden seit mehr als zehn Jahren das Herzstück des Webdesigns, aber trotz oder gerade wegen ihres stolzen Alters beinhalten diese Technologien auch einige überholungsbedürftige Features. Autor Ben Henick nimmt in diesem Buch die beiden grundlegenden Webtechnologien unter die Lupe und stellt einen nützlichen Katalog an Webdesign-Best Practices zusammen. Er richtet sich an Webdesigner und –autoren, die grundsätzlich mit CSS und HTML vertraut sind und die nun ihren Arbeitsstil und ihren Code verbessern wollen.Sauberer Code, bessere WartbarkeitDen Einstieg bildet ein knapper Überblick über die wichtigsten Aspekte von HTML und CSS, denen Sie als Webdesigner immer wieder begegnen. Beantwortet werden Fragen wie: HTML 4.01, XHTML oder HTML 5 – welche HTML-Version ist die richtige für mein Webprojekt? Wie bekomme ich eine saubere Trennung von Inhalt und Präsentation in der Praxis hin? Gibt es Kniffe, die meinen Code sauberer und besser wartbar machen?HTML- und CSS-Best PracticesAnhand klassischer Themen des Webdesigns wird Ihnen vermittelt, wie Sie beispielsweise Farben und Schriften, Bilder und Formulare so einsetzen, dass möglichst wenig Reibungsverluste im Hinblick auf verschiedene Browser und Ausgabegeräte entstehen.Webstandards, Usability und BarrierefreiheitViele Webdesigner kennen die Empfehlungen des W3C zu den Webstandards, schrecken aber vor ihrer Umsetzung zurück. Ben Henick ist ein Verfechter des pragmatischen Mittelwegs und zeigt, wie Sie dem Geist der Webstandards gerecht werden, ohne sich in der buchstabengetreuen Umsetzung zu verheddern. Mit vertretbarem Aufwand können Sie so die Usability und die Zugänglichkeit Ihrer Websites deutlich verbessern.},
	language = {de},
	publisher = {O'Reilly Germany},
	author = {Henick, Ben},
	month = jul,
	year = {2010},
	note = {Google-Books-ID: 3BywAgAAQBAJ},
	keywords = {Computers / Internet / Web Programming, Computers / Languages / HTML},
}

@misc{w3schools_react_nodate,
	title = {React {JSX}},
	url = {https://www.w3schools.com/react/react_jsx.asp},
	abstract = {W3Schools offers free online tutorials, references and exercises in all the major languages of the web. Covering popular subjects like HTML, CSS, JavaScript, Python, SQL, Java, and many, many more.},
	language = {en-US},
	urldate = {2024-12-30},
	author = {w3schools},
	file = {Snapshot:files/310/react_jsx.html:text/html},
}

@misc{sikora_professionelles_nodate,
	title = {Professionelles {JavaScript} für höchste {Ansprüche} {\textbar} {Slenderiser}},
	url = {https://www.slenderiser.de/inspiration/wiki/frontend-entwicklung/javascript/},
	urldate = {2024-12-30},
	author = {Sikora, Peter},
}

@misc{beck_lokale_2023,
	title = {Lokale {Webentwicklung} mit docker},
	url = {https://beck-webdesign.de/blog/detail/lokale-webentwicklung-mit-docker},
	abstract = {In diesem Beitrag erkläre ich wie man mithilfe von docker eine lokale Entwicklungsumgebung für Websites erstellen kann},
	language = {de-de},
	urldate = {2025-01-05},
	author = {Beck, Thorsten},
	month = mar,
	year = {2023},
	file = {Snapshot:files/318/lokale-webentwicklung-mit-docker.html:text/html},
}

@article{ehsan_restful_2022,
	title = {{RESTful} {API} {Testing} {Methodologies}: {Rationale}, {Challenges}, and {Solution} {Directions}},
	volume = {12},
	copyright = {http://creativecommons.org/licenses/by/3.0/},
	issn = {2076-3417},
	shorttitle = {{RESTful} {API} {Testing} {Methodologies}},
	url = {https://www.mdpi.com/2076-3417/12/9/4369},
	doi = {10.3390/app12094369},
	abstract = {Service-oriented architecture has evolved to be the backbone for large-scale integration between different applications and platforms. This concept has led to today’s reality of cloud services. Many of the major business platforms are providing their services to end-users and other companies as well. Companies are crafting ways to allow other businesses fast service integration and to get on board quickly in the market. REST (representational state transfer) has emerged as the standard protocol for implementing and consuming these services, which are called RESTful application programming interfaces (APIs). As the internal details of the RESTful APIs are not completely available during consumption, thorough testing has been a major challenge. Any unprecedented change in the APIs can cause the major failure of service operations, which can cause an organization to face both financial and trust losses. Research efforts have been made to alleviate testing challenges by introducing different frameworks and auto-generating unit test approaches. However, there is still a lack of an overview of the state-of-the-art in RESTful API testing. As such, the objective of this article is to identify, analyze, and synthesize the studies that have been performed related to RESTful APIs’ testing methodologies and unit test generation. With this perspective, a systematic literature review (SLR) study was conducted. In total, 16 papers were retrieved and included based on study selection criteria for in-depth analysis. This SLR discusses and categorizes different problems and solutions related to RESTful APIs’ testing and unit test generation.},
	language = {en},
	number = {9},
	urldate = {2025-01-06},
	journal = {Applied Sciences},
	author = {Ehsan, Adeel and Abuhaliqa, Mohammed Ahmad M. E. and Catal, Cagatay and Mishra, Deepti},
	month = jan,
	year = {2022},
	note = {Number: 9
Publisher: Multidisciplinary Digital Publishing Institute},
	pages = {4369},
	file = {Full Text PDF:C\:\\Users\\j-wie.JANIS_WIESEN\\Zotero\\storage\\ZNIGAQAK\\Ehsan et al. - 2022 - RESTful API Testing Methodologies Rationale, Challenges, and Solution Directions.pdf:application/pdf},
}

@article{bulut_laufzeitperformance-vergleich_2024,
	title = {Laufzeitperformance-{Vergleich} verschiedener {State}-{Management}-{Ansätze} anhand eines {Proof}-of-{Concept} in {React}},
	url = {https://libdoc.fh-zwickau.de/opus4/frontdoor/index/index/docId/17806},
	abstract = {Ziel dieser Arbeit ist es, einen Laufzeitperformance-Vergleich verschiedener State-Management-Ansätze in React durchzuführen. Dazu werden zunächst einige React Grundkonzepte wie Komponenten, JSX, State und State-Management erklärt.},
	language = {deu},
	urldate = {2025-01-06},
	author = {Bulut, Ilyaz},
	year = {2024},
	file = {Full Text PDF:files/322/Bulut - 2024 - Laufzeitperformance-Vergleich verschiedener State-Management-Ansätze anhand eines Proof-of-Concept i.pdf:application/pdf},
}

@article{rajabov_role_2023,
	title = {The role of backend and frontend information systems infrastructure},
	volume = {4},
	copyright = {Copyright (c) 2023},
	issn = {2181-0842},
	url = {https://openscience.uz/index.php/sciedu/article/view/5338},
	abstract = {This paper is based on using of backend and frontend information systems infrastructure in programming processes. And it illustrates how increasing the role of the ICT sector in the modern era.},
	language = {en},
	number = {3},
	urldate = {2025-01-06},
	journal = {Science and Education},
	author = {Rajabov, Sherzod Baxtiyorovich},
	month = mar,
	year = {2023},
	note = {Number: 3},
	pages = {212--216},
	file = {Full Text PDF:files/326/Rajabov - 2023 - The role of backend and frontend information systems infrastructure.pdf:application/pdf},
}

@misc{suping_docker-based_2011,
	title = {Docker-based {Web} {Server} {Instructional} {System}},
	url = {https://ieeexplore.ieee.org/abstract/document/8940219},
	abstract = {With the rapid development of artificial intelligence, there is an increasing demand for the cultivation of innovative talents in artificial intelligence at the present stage. Based on the cloud services provided by cloud computing, it is an effective practical method to design and develop the integrated system of artificial intelligence and teaching. Docker container, as a lightweight and portable open source engine in cloud computing, provides a great solution in realizing micro-software services, rapid integration, simple operation and maintenance, continuous update and other aspects. Docker container technology can be used to package the instructional system into several mirror applications that are easy to manage. The mirror application and corresponding containers can be used to provide users with SaaS (software as a service), so as to develop a teaching management and learning system with system management, course management and experiment management functions. There is system software, environment configuration and running program required for the normal operation of the system. The instructional system's development is mainly from PC terminal. PC-side Web mainly adopts B/S-based architecture. The system takes MySQL + Express + AngularJS + NodeJS technology route,named MEAN.JS. All users can directly use the tutorial system from any browser. Combined with relevant literature, this paper analyzes and designs the service mode, technical framework, basic functions, extended application and interactive implementation of the instructional system.},
	language = {en-US},
	urldate = {2025-01-06},
	author = {Suping, Wang and Ligu, Zhu and Mengke, Cheng},
	month = jan,
	year = {2011},
	file = {Snapshot:C\:\\Users\\Janis\\Zotero\\storage\\IGU6K9TI\\8940219.html:text/html},
}

@article{singh_content_2023,
	title = {Content {Management} {System}},
	volume = {15},
	copyright = {Copyright (c) 2023 Global Journal of Enterprise Information System},
	issn = {0975-1432},
	url = {https://gjeis.com/index.php/GJEIS/article/view/713},
	abstract = {Volume 15 Issue 1 January-March 2023},
	language = {en},
	number = {1},
	urldate = {2025-01-06},
	journal = {Global Journal of Enterprise Information System},
	author = {Singh, Aniket and Chaudhary, Anita and Chaudhary, Kirti},
	month = may,
	year = {2023},
	note = {Number: 1},
	pages = {87--92},
	file = {Full Text PDF:C\:\\Users\\Janis\\Zotero\\storage\\GR9IZYQ2\\Singh et al. - 2023 - Content Management System.pdf:application/pdf},
}